@article{stass2017analytical,
  title={An Analytical Model of Animal Growth},
  author={Stass, VL},
  journal={European Scientific Journal},
  volume={13},
  number={27},
  pages={1--17},
  year={2017}
}

@article{nagy2018food,
  title={Food requirements of wild animals: Predictive equations for free-living mammals, reptiles, and birds.},
  author={Nagy, K},
  year={2018}
}

@article{hairston1993cause,
  title={Cause-effect relationships in energy flow, trophic structure, and interspecific interactions},
  author={Hairston Jr, Nelson G and Hairston Sr, Nelson G},
  journal={The American Naturalist},
  volume={142},
  number={3},
  pages={379--411},
  year={1993},
  publisher={University of Chicago Press}
}

@article{beschta2009large,
  title={Large predators and trophic cascades in terrestrial ecosystems of the western United States},
  author={Beschta, Robert L and Ripple, William J},
  journal={Biological conservation},
  volume={142},
  number={11},
  pages={2401--2414},
  year={2009},
  publisher={Elsevier}
}

@article{ripple2012large,
  title={Large predators limit herbivore densities in northern forest ecosystems},
  author={Ripple, William J and Beschta, Robert L},
  journal={European Journal of Wildlife Research},
  volume={58},
  number={4},
  pages={733--742},
  year={2012},
  publisher={Springer}
}

@article{schoener1969models,
  title={Models of optimal size for solitary predators},
  author={Schoener, Thomas W},
  journal={The American Naturalist},
  volume={103},
  number={931},
  pages={277--313},
  year={1969},
  publisher={University of Chicago Press}
}

@article{tschirhart2004new,
  title={A new adaptive system approach to predator--prey modeling},
  author={Tschirhart, John},
  journal={Ecological Modelling},
  volume={176},
  number={3-4},
  pages={255--276},
  year={2004},
  publisher={Elsevier}
}
